<?xml version="1.0" encoding="UTF-8"?><record xmlns="http://www.loc.gov/MARC21/slim" xmlns:cinclude="http://apache.org/cocoon/include/1.0" xmlns:zs="http://www.loc.gov/zing/srw/">
  <leader>00852cz  a2200169n  4500</leader>
  <controlfield tag="001">no2001080088</controlfield>
  <controlfield tag="003">DLC</controlfield>
  <controlfield tag="005">20110203075134.0</controlfield>
  <controlfield tag="008">011009n| acannaabn          |a aaa      </controlfield>
  <datafield tag="010" ind1=" " ind2=" ">
    <subfield code="a">no2001080088</subfield>
  </datafield>
  <datafield tag="035" ind1=" " ind2=" ">
    <subfield code="a">(OCoLC)oca05600556</subfield>
  </datafield>
  <datafield tag="040" ind1=" " ind2=" ">
    <subfield code="a">DLC-ON</subfield>
    <subfield code="b">eng</subfield>
    <subfield code="c">DLC-ON</subfield>
    <subfield code="d">DLC</subfield>
  </datafield>
  <datafield tag="100" ind1="1" ind2=" ">
    <subfield code="a">Kumar, Parmod,</subfield>
    <subfield code="d">1966-</subfield>
  </datafield>
  <datafield tag="400" ind1="0" ind2=" ">
    <subfield code="a">Parmod Kumar,</subfield>
    <subfield code="d">1966-</subfield>
  </datafield>
  <datafield tag="670" ind1=" " ind2=" ">
    <subfield code="a">A policy model for open market operations of wheat, 2001:</subfield>
    <subfield code="b">t.p. (Parmod Kumar) pref. (Dr. Parmod Kumar)</subfield>
  </datafield>
  <datafield tag="670" ind1=" " ind2=" ">
    <subfield code="a">Farm size and marketing efficiency, 2007:</subfield>
    <subfield code="b">t.p. (Parmod Kumar) p. facing t.p. (Dr.; M. Phil.; Ph. D.; in econ.; visiting fellow, Inst. of Economic Growth, New Delhi, India) t.p. verso (b. 1966)</subfield>
  </datafield>
  <datafield tag="670" ind1=" " ind2=" ">
    <subfield code="a">Targeted public distribution system, 2010:</subfield>
    <subfield code="b">t.p. (Parmod Kumar) p. 4 of cover (prof. &amp; hd., Agric. Dev. &amp; Rural Transformation Centre, Inst. for Soc. &amp; Econ. Change, Bangalore)</subfield>
  </datafield>
</record>